% Bibliography for Climate-Health Biomarker Manuscript

% Foundational climate-health papers
@article{watts2021lancet,
  title={The 2021 report of the Lancet Countdown on health and climate change: code red for a healthy future},
  author={Watts, Nick and Amann, Markus and Arnell, Nigel and Ayeb-Karlsson, Sonja and others},
  journal={The Lancet},
  volume={398},
  number={10311},
  pages={1619--1662},
  year={2021},
  publisher={Elsevier}
}

@article{ryan2019climate,
  title={Climate change and the geographical distribution of infectious diseases},
  author={Ryan, Sadie J and Carlson, Colin J and Mordecai, Erin A and Johnson, Leah R},
  journal={Nature Reviews Microbiology},
  volume={17},
  number={6},
  pages={371--383},
  year={2019},
  publisher={Nature Publishing Group}
}

@article{guo2014quantifying,
  title={Quantifying excess deaths related to heatwaves under climate change scenarios: a multicountry time series modelling study},
  author={Guo, Yuming and Gasparrini, Antonio and Armstrong, Ben and Li, Shanshan and others},
  journal={PLoS Medicine},
  volume={11},
  number={7},
  pages={e1001648},
  year={2014},
  publisher={Public Library of Science}
}

@article{gasparrini2015mortality,
  title={Mortality risk attributable to high and low ambient temperature: a multicountry observational study},
  author={Gasparrini, Antonio and Guo, Yuming and Hashizume, Masahiro and Lavigne, Eric and others},
  journal={The Lancet},
  volume={386},
  number={9991},
  pages={369--375},
  year={2015},
  publisher={Elsevier}
}

% Machine learning and explainable AI
@article{lundberg2017unified,
  title={A unified approach to interpreting model predictions},
  author={Lundberg, Scott M and Lee, Su-In},
  journal={Advances in Neural Information Processing Systems},
  volume={30},
  year={2017}
}

@article{ribeiro2016should,
  title={Why should I trust you?: Explaining the predictions of any classifier},
  author={Ribeiro, Marco Tulio and Singh, Sameer and Guestrin, Carlos},
  journal={Proceedings of the 22nd ACM SIGKDD International Conference on Knowledge Discovery and Data Mining},
  pages={1135--1144},
  year={2016}
}

% DLNM and climate epidemiology methods
@article{gasparrini2010distributed,
  title={Distributed lag non-linear models},
  author={Gasparrini, Antonio and Armstrong, Ben and Kenward, Michael G},
  journal={Statistics in Medicine},
  volume={29},
  number={21},
  pages={2224--2234},
  year={2010},
  publisher={Wiley Online Library}
}

@article{armstrong2014models,
  title={Models for the relationship between ambient temperature and daily mortality},
  author={Armstrong, Ben},
  journal={Epidemiology},
  volume={17},
  number={6},
  pages={624--631},
  year={2014},
  publisher={LWW}
}

% Heat and health in Africa/South Africa
@article{wright2021climate,
  title={Climate change and health in South Africa: a literature review},
  author={Wright, Caradee Y and Kapwata, Thandi and du Preez, David J and others},
  journal={South African Medical Journal},
  volume={111},
  number={10},
  pages={1001--1008},
  year={2021}
}

% Hematocrit and dehydration
@article{cheuvront2010mechanisms,
  title={Mechanisms of aerobic performance impairment with heat stress and dehydration},
  author={Cheuvront, Samuel N and Kenefick, Robert W},
  journal={Journal of Applied Physiology},
  volume={109},
  number={6},
  pages={1989--1995},
  year={2010},
  publisher={American Physiological Society}
}

% Lipids and temperature
@article{ockene1990seasonal,
  title={Seasonal variation in serum cholesterol levels},
  author={Ockene, Ira S and Chiriboga, David E and Stanek III, Edward J and others},
  journal={Archives of Internal Medicine},
  volume={150},
  number={9},
  pages={1773--1777},
  year={1990},
  publisher={American Medical Association}
}

% HIV in South Africa context
@article{iwuji2018universal,
  title={Universal test and treat and the HIV epidemic in rural South Africa: a phase 4, open-label, community cluster randomised trial},
  author={Iwuji, Collins and Orne-Gliemann, Jo{\"e}lle and Balestre, Eric and others},
  journal={The Lancet HIV},
  volume={5},
  number={3},
  pages={e116--e125},
  year={2018},
  publisher={Elsevier}
}

% ERA5 climate data
@article{hersbach2020era5,
  title={The ERA5 global reanalysis},
  author={Hersbach, Hans and Bell, Bill and Berrisford, Paul and others},
  journal={Quarterly Journal of the Royal Meteorological Society},
  volume={146},
  number={730},
  pages={1999--2049},
  year={2020},
  publisher={Wiley Online Library}
}

% TODO: Add more references as needed
% - Gradient boosting methods (LightGBM, XGBoost)
% - Feature importance techniques
% - Climate-health synthesis papers
% - Biomarker physiology references
% - South African climate/health context
